% ------------------------------------
% References found in current document
% ------------------------------------

% Example of references, none are actually used
% in the document
@article{Einstein1905,
  author  = {Albert Einstein},
  title   = {Some title},
  journal = {Annalen der Physik},
  volume  = {322},
  number  = {10},
  pages   = {891--921},
  year    = {1905},
  doi     = {10.1002/andp.19053221004}
}

@misc{Doe2021,
author    = {John Doe and Jane Smith},
title     = {Some title},
note      = {arXiv:2103.12345},
year      = {2021},
eprint    = {2103.12345},
archivePrefix = {arXiv},
primaryClass  = {quant-ph}
}
